@misc{amazonwebservicesClimateConnections2021,
  title = {Climate {{Connections}}},
  author = {{Amazon Web Services}},
  year = {2021},
  file = {C:\Users\hmvke\Zotero\storage\6X222QX6\aws-climate-connections.pdf}
}

@article{bloombergprofessionalservicesESGAssetsMay2021,
  title = {{{ESG}} Assets May Hit \$53 Trillion by 2025, a Third of Global {{AUM}} {\textbar} {{Insights}}},
  author = {{Bloomberg Professional Services}},
  year = {2021},
  month = feb,
  journal = {ESG assets may hit \$53 trillion by 2025, a third of global AUM},
  urldate = {2024-04-16},
  abstract = {Global ESG assets are on track to exceed \$53 trillion by 2025, representing more than a third of the \$140.5 trillion in projected total assets under management.},
  chapter = {Markets},
  langid = {american},
  keywords = {economia,esg,research},
  file = {C:\Users\hmvke\Zotero\storage\DWEVA4HE\esg-assets-may-hit-53-trillion-by-2025-a-third-of-global-aum.html}
}

@misc{cabralPraticasESGAplicadas2023,
  title = {{As pr{\'a}ticas ESG aplicadas {\`a}s empresas de TI}},
  author = {Cabral, Carolina},
  year = {2023},
  month = may,
  journal = {Suno Not{\'i}cias},
  urldate = {2024-04-16},
  abstract = {Um estudo da consultoria KPMG apontou que 76\% das empresas brasileiras j{\'a} incluem iniciativas ESG em suas estrat{\'e}gias de neg{\'o}cio},
  howpublished = {https://www.suno.com.br/noticias/colunas/carolina-cabral/praticas-esg-empresas-ti/},
  langid = {brazilian},
  keywords = {economia,esg,tech}
}

@article{deKPMGESGYearbook2023,
  title = {{KPMG ESG Yearbook Brasil 2023}},
  author = {{de}, Junho},
  year = {2023},
  langid = {portuguese},
  file = {C:\Users\hmvke\Zotero\storage\EMPSQKPA\de - 2023 - KPMG ESG Yearbook Brasil 2023.pdf}
}

@misc{googlecloudUnderstandingHowYour2023,
  title = {Understanding How Your Organization Can Meet Its {{ESG}} Goals {\textbar} {{Google Cloud Blog}}},
  author = {{Google Cloud}},
  year = {2023},
  month = jul,
  journal = {Google Cloud Blog},
  urldate = {2024-04-17},
  keywords = {cloud,esg,google-cloud}
}

@misc{idesgLideresTecnologiaEstao,
  title = {{L{\'i}deres de tecnologia est{\~a}o cada vez mais alinhados com o ESG - Idesg}},
  author = {{IDESG}},
  journal = {L{\'i}deres de tecnologia est{\~a}o cada vez mais alinhados com o ESG},
  urldate = {2024-04-16},
  langid = {portuguese},
  keywords = {esg,tech},
  file = {C:\Users\hmvke\Zotero\storage\Q4J3WN6H\lideres-de-tecnologia-estao-cada-vez-mais-alinhados-com-o-esg.html}
}

@techreport{kpmgKPMGESGYearbook2023,
  title = {{KPMG ESG Yearbook Brasil 2023}},
  author = {{KPMG}},
  year = {2023},
  pages = {38},
  institution = {KPMG},
  langid = {portuguese}
}

@misc{microsoftCarbonBenefitsCloud2018,
  title = {The Carbon Benefits of Cloud Computing},
  author = {{Microsoft}},
  year = {2018},
  file = {C:\Users\hmvke\Zotero\storage\YX6EIDZ2\The carbon benefits of cloud computing.pdf}
}

@misc{paceteESGPrioridadePara2022,
  title = {{ESG {\'e} prioridade para maior parte das empresas de tecnologia}},
  author = {Pacete, Luiz Gustavo},
  year = {2022},
  month = nov,
  journal = {Forbes Brasil},
  urldate = {2024-04-17},
  abstract = {Levantamento da Schneider Electric mostra que 73\% das empresas de TI enxergam o tema com alto grau de import{\^a}ncia},
  howpublished = {https://forbes.com.br/forbesesg/2022/11/esg-e-prioridade-para-maior-parte-das-empresas-de-tecnologia/},
  langid = {brazilian},
  keywords = {esg,tech},
  file = {C:\Users\hmvke\Zotero\storage\RQT7QZ87\esg-e-prioridade-para-maior-parte-das-empresas-de-tecnologia.html}
}
